@article{knuth84,
  author = {Knuth, Donald E.},
  title = {Literate Programming},
  year = {1984},
  issue_date = {May 1984},
  publisher = {Oxford University Press, Inc.},
  address = {USA},
  volume = {27},
  number = {2},
  issn = {0010-4620},
  url = {https://doi.org/10.1093/comjnl/27.2.97},
  doi = {10.1093/comjnl/27.2.97},
  journal = {Comput. J.},
  month = may,
  pages = {97â€“111},
  numpages = {15}
}



@article{cochran1934,
	title = {The distribution of quadratic forms in a normal system, with applications to the analysis of covariance},
	author = {Cochran, W. G.},
	year = {1934},
	date = {1934},
	journal = {Mathematical Proceedings of the Cambridge Philosophical Society},
	pages = {178--191},
	volume = {30},
	number = {2},
	doi = {10.1017/S0305004100016595},
	url = {https://www.cambridge.org/core/product/FCF2DDAA07FB7CBB85DF06ABF7A3304B},
	note = {Edition: 2008/10/24
Publisher: Cambridge University Press}
}
